<?xml version="1.0" encoding="UTF-8"?><collection xmlns="http://www.loc.gov/MARC21/slim"><record><leader>00547nam--2200181-i-4500</leader><controlfield tag="001">000014765</controlfield><controlfield tag="002">20161230</controlfield><controlfield tag="005">20161230201031</controlfield><controlfield tag="008">060222s1000------------r-----000-0-eng-d</controlfield><datafield ind1=" " ind2=" " tag="040"><subfield code="a">IFIN-HH</subfield></datafield><datafield ind1=" " ind2=" " tag="080"><subfield code="a">537.222.22:537.561</subfield></datafield><datafield ind1="1" ind2=" " tag="100"><subfield code="a">Mayer, James W</subfield></datafield><datafield ind1="1" ind2="0" tag="245"><subfield code="a">Ion implantation in semiconductors</subfield><subfield code="b">Silicon and germanium</subfield><subfield code="c">James w. mayer, lennart eriksson, john a. davies</subfield></datafield><datafield ind1=" " ind2=" " tag="260"><subfield code="a">New York, , 1970</subfield><subfield code="b">Academic Press</subfield><subfield code="c">1970</subfield></datafield><datafield ind1=" " ind2=" " tag="300"><subfield code="a">XIII+280P</subfield></datafield><datafield ind1="1" ind2=" " tag="700"><subfield code="a">Davies, John A</subfield></datafield><datafield ind1=" " ind2=" " tag="852"><subfield code="a">35253</subfield><subfield code="c">537.311.33</subfield></datafield><datafield ind1=" " ind2=" " tag="CAT"><subfield code="a">Sys</subfield><subfield code="c">20120720</subfield><subfield code="h">122736</subfield></datafield></record></collection>